@Manual{zoo:R:2004,
  title        = {\proglang{R}: {A} Language and Environment for Statistical Computing},
  author       = {{\proglang{R} Development Core Team}},
  organization = {\proglang{R} Foundation for Statistical Computing},
  address      = {Vienna, Austria},
  year         = {2004},
  note         = {{ISBN} 3-900051-00-3},
  url          = {http://www.R-project.org/}
}

@Article{zoo:Zeileis+Leisch+Hornik:2002,
  author	= {Achim Zeileis and Friedrich Leisch and Kurt Hornik and
                   Christian Kleiber},
  title		= {\pkg{strucchange}: {A}n \proglang{R} Package for Testing
                   for Structural Change in Linear Regression Models},
  journal      = {Journal of Statistical Software},
  year         = 2002,
  volume       = 7,
  number       = 2,
  pages        = {1--38},
  url		= {http://www.jstatsoft.org/v07/i02/}
}

@TechReport{zoo:Zeileis:2004,
  author	= {Achim Zeileis},
  title		= {Implementing a Class of Structural Change Tests: {A}n Econometric Computing Approach},
  institution	= {Department of Statistics and Mathematics, 
                   Wirtschaftsuniversit\"at Wien,
		   Research Report Series},
  year		= {2004},
  type		= {Report},
  number	= {7},
  month	        = {July},
  url		= {http://epub.wu-wien.ac.at/}
}

@Manual{zoo:fBasics:2004,
  title 	= {\pkg{Rmetrics}: {A}n Environment and Software Collection for
                   Teaching Financial Engineering and Computational Finance},
  author 	= {Diethelm Wuertz},
  year 		= {2004},
  note 		= {\proglang{R} package \pkg{fBasics}, version 191.10057},
  url 		= {http://www.itp.phys.ethz.ch/econophysics/R/1.9},
}

@Manual{zoo:tseries:2004,
  title 	= {\pkg{tseries}: Time Series Analysis and Computational Finance},
  author 	= {Adrian Trapletti},
  year 		= {2004},
  note 		= {\proglang{R} package version 0.9-23},
}

@Manual{zoo:its:2004,
  title 	= {\pkg{its}: Irregular Time Series},
  author	= {Giles Heywood},
  organization 	= {Portfolio \& Risk Advisory Group and Commerzbank Securities},
  year 		= {2004},
  note 		= {\proglang{R} package version 1.0.3},
}

@Manual{zoo:DAAG:2004,
  title		= {\pkg{DAAG}: Data Analysis And Graphics},
  author	= {John Maindonald and W. John Braun},
  year		= {2004},
  note		= {\proglang{R} package version 0.37},
  url		= {http://www.stats.uwo.ca/DAAG},
}
